@article{aad2008atlas,
  title={The ATLAS experiment at the CERN large hadron collider},
  author={Aad, Georges and Abat, E and Abdallah, J and Abdelalim, AA and Abdesselam, A and Abdinov, O and Abi, BA and Abolins, M and Abramowicz, H and Acerbi, E and others},
  journal={Journal of Instrumentation},
  volume={3},
  number={08},
  pages={S08003},
  year={2008},
  publisher={IOP Publishing}
}
@article{baud2003castor,
  title={CASTOR status and evolution},
  author={Baud, Jean-Philippe and Couturier, Ben and Curran, Charles and Durand, Jean-Damien and Knezo, Emil and Occhetti, Stefano and Barring, Olof},
  journal={arXiv preprint cs/0305047},
  year={2003}
}
@inproceedings{hauser2012atlas,
  title={The ATLAS Data Acquisition and High Level Trigger Systems: Experience and Upgrade Plans},
  author={Hauser, R},
  booktitle={36th International Conference on High Energy Physics, Melbourne, Australia, 4-11 Jul 2012},
  year={2012}
}

@article{collaboration2003atlas,
  title={ATLAS High Level Trigger, Data Acquisition and Controls Technical Design Report},
  author={Collaboration, ATLAS},
  journal={document in preparation},
  year={2003}
}
@inproceedings{corso2007data,
  title={Data Quality Monitoring Framework for the ATLAS Experiment at the LHC},
  author={Corso-Radu, SK and Hadavand, H and Kehoe, R and Hauschild, M},
  booktitle={Real-Time Conference, 2007 15th IEEE-NPSS},
  pages={1--5},
  year={2007},
  organization={IEEE}
}
@article{jones1998oks,
  title={The OKS persistent in-memory object manager},
  author={Jones, R and Mapelli, L and Ryabov, Yu and Soloviev, I},
  journal={Nuclear Science, IEEE Transactions on},
  volume={45},
  number={4},
  pages={1958--1964},
  year={1998},
  publisher={IEEE}
}
@inproceedings{alexandrov2001atlas,
  title={Atlas DAQ Configuration Databases},
  author={Alexandrov, I and Amorim, A and Badescu, E and Burckhart-Chromek, D and Caprini, M and Dobson, M and Hart, R and Jones, R and Kazarov, A and Kolos, S and others},
  booktitle={9-025 this conference},
  year={2001}
}
@article{brun1997root,
  title={ROOT—an object oriented data analysis framework},
  author={Brun, Rene and Rademakers, Fons},
  journal={Nuclear Instruments and Methods in Physics Research Section A: Accelerators, Spectrometers, Detectors and Associated Equipment},
  volume={389},
  number={1},
  pages={81--86},
  year={1997},
  publisher={Elsevier}
}

@misc{kolosinformation,
  title={Information service user’s guide},
  author={Kolos, S},
  howpublished={\url{http://atlas-onlsw.web.cern.ch/atlas-onlsw/components/is/doc/userguide/is-usersguide.pdf}},
  note = {[Online; accessed 15-March-2013]}
}

@misc{kolosoh,
  title={Online Histogramming Reference Manual},
  author={Kolos, S},
  howpublished={\url{http://atlas-onlsw.web.cern.ch/Atlas-onlsw/oh/online-doc/users-ug.pdfhtt}},
  note = {[Online; accessed 15-March-2013]}
}

@inproceedings{renkel2010gatherer,
  title={The Gatherer--a mechanism for integration of monitoring data in ATLAS},
  author={Renkel, Peter and others},
  booktitle={Journal of Physics: Conference Series},
  volume={219},
  number={2},
  pages={022043},
  year={2010},
  organization={IOP Publishing}
}

@inproceedings{sicoe2012persistent,
  title={A persistent back-end for the ATLAS TDAQ online information service (P-BEAST)},
  author={Sicoe, Alexandru D and Miotto, Giovanna Lehmann and Magnoni, Luca and Kolos, Serguei and Soloviev, Igor},
  booktitle={Journal of Physics: Conference Series},
  volume={368},
  number={1},
  pages={012002},
  year={2012},
  organization={IOP Publishing}
}

@book{andrei2001modern,
  title={Modern C++ design: generic programming and design patterns applied},
  author={Andrei Alexandrescu},
  year={2001},
  publisher={Addison-Wesley Professional}
}
